<record><leader>00000cas a22000007a 4500</leader><controlfield tag="001">37893200</controlfield><controlfield tag="008">971105d19972017okuwr n       0    0eng d</controlfield><datafield ind1=" " ind2=" " tag="010"><subfield code="a">sn 97070387 </subfield></datafield><datafield ind1=" " ind2=" " tag="040"><subfield code="a">OBN</subfield><subfield code="b">eng</subfield><subfield code="c">OBN</subfield><subfield code="d">OCLCQ</subfield><subfield code="d">OCLCF</subfield><subfield code="d">OCLCO</subfield><subfield code="d">DLC</subfield></datafield><datafield ind1=" " ind2=" " tag="019"><subfield code="a">982144966</subfield></datafield><datafield ind1=" " ind2=" " tag="042"><subfield code="a">msc</subfield></datafield><datafield ind1=" " ind2=" " tag="043"><subfield code="a">n-us-ok</subfield></datafield><datafield ind1="0" ind2="4" tag="245"><subfield code="a">The Sayre record &amp; Beckham County democrat.</subfield></datafield><datafield ind1="3" ind2=" " tag="246"><subfield code="a">Sayre record and Beckham County democrat</subfield></datafield><datafield ind1=" " ind2=" " tag="260"><subfield code="a">Sayre, Okla. :</subfield><subfield code="b">Brad and Dayva Spitzer</subfield></datafield><datafield ind1=" " ind2=" " tag="300"><subfield code="a">v.</subfield></datafield><datafield ind1=" " ind2=" " tag="310"><subfield code="a">Weekly</subfield></datafield><datafield ind1="0" ind2=" " tag="362"><subfield code="a">Vol. 11, no. 1 (Aug. 6, 1997)-</subfield></datafield><datafield ind1="1" ind2=" " tag="362"><subfield code="a">Ceased with Volume 29, Number 51 (July 26, 2017)?</subfield></datafield><datafield ind1=" " ind2="0" tag="651"><subfield code="a">Sayre (Okla.)</subfield><subfield code="v">Newspapers.</subfield></datafield><datafield ind1=" " ind2="0" tag="651"><subfield code="a">Beckham County (Okla.)</subfield><subfield code="v">Newspapers.</subfield></datafield><datafield ind1=" " ind2="7" tag="651"><subfield code="a">Oklahoma</subfield><subfield code="z">Beckham County.</subfield><subfield code="2">fast</subfield><subfield code="0">(OCoLC)fst01216113</subfield></datafield><datafield ind1=" " ind2="7" tag="651"><subfield code="a">Oklahoma</subfield><subfield code="z">Sayre.</subfield><subfield code="2">fast</subfield><subfield code="0">(OCoLC)fst01220628</subfield></datafield><datafield ind1=" " ind2="7" tag="655"><subfield code="a">Newspapers.</subfield><subfield code="2">fast</subfield><subfield code="0">(OCoLC)fst01423814</subfield></datafield><datafield ind1=" " ind2=" " tag="752"><subfield code="a">United States</subfield><subfield code="b">Oklahoma</subfield><subfield code="c">Beckham</subfield><subfield code="d">Sayre.</subfield></datafield><datafield ind1="0" ind2="4" tag="780"><subfield code="t">Sayre record</subfield><subfield code="w">(DLC)sn 97064806</subfield><subfield code="w">(OCoLC)36710571</subfield></datafield><datafield ind1="0" ind2="4" tag="780"><subfield code="t">Erick Beckham County democrat</subfield><subfield code="w">(DLC)sn 97064817</subfield><subfield code="w">(OCoLC)36711771</subfield></datafield><datafield ind1="0" ind2="0" tag="785"><subfield code="t">The Beckham County record</subfield><subfield code="x">2575-3193</subfield><subfield code="w">(DLC)  2017202936</subfield><subfield code="w">(OCoLC)1004855679</subfield></datafield><datafield ind1="1" ind2=" " tag="029"><subfield code="a">AU@</subfield><subfield code="b">000013613276</subfield></datafield></record>